<record><leader>00000cas a22000007a 4500</leader><controlfield tag="001">9815371</controlfield><controlfield tag="008">830816d19021904ksuwr ne      0    0eng d</controlfield><datafield ind1=" " ind2=" " tag="010"><subfield code="a">sn 83040381 </subfield></datafield><datafield ind1=" " ind2=" " tag="040"><subfield code="a">KSH</subfield><subfield code="b">eng</subfield><subfield code="c">KSH</subfield><subfield code="d">NPT</subfield><subfield code="d">OCLCQ</subfield><subfield code="d">OCLCF</subfield><subfield code="d">OCLCO</subfield></datafield><datafield ind1=" " ind2=" " tag="042"><subfield code="a">msc</subfield></datafield><datafield ind1=" " ind2=" " tag="043"><subfield code="a">n-us-ks</subfield></datafield><datafield ind1="0" ind2=" " tag="130"><subfield code="a">Unionist (Fort Scott, Kan.)</subfield></datafield><datafield ind1="1" ind2="4" tag="245"><subfield code="a">The unionist.</subfield></datafield><datafield ind1=" " ind2=" " tag="260"><subfield code="a">Fort Scott, Kan. :</subfield><subfield code="b">James Burton</subfield></datafield><datafield ind1=" " ind2=" " tag="300"><subfield code="a">v. :</subfield><subfield code="b">ill. (chiefly advertisements) ;</subfield><subfield code="c">60 cm.</subfield></datafield><datafield ind1=" " ind2=" " tag="310"><subfield code="a">Weekly</subfield></datafield><datafield ind1="1" ind2=" " tag="362"><subfield code="a">Began in 1902? Ceased with May 27, 1904 issue?</subfield></datafield><datafield ind1=" " ind2=" " tag="550"><subfield code="a">Official organ of: the Fort Scott and Parsons Central Labor Unions, &lt;Dec. 11, 1903&gt;-Feb. 26, 1904; Fort Scott, Parsons, Chanute and Iola Unions, Mar. 4, 1904-&lt;May 27, 1904&gt;.</subfield></datafield><datafield ind1=" " ind2=" " tag="588"><subfield code="a">Description based on: Vol. 2, no. 19 (Dec. 11, 1903).</subfield></datafield><datafield ind1=" " ind2="0" tag="650"><subfield code="a">Labor</subfield><subfield code="v">Periodicals.</subfield></datafield><datafield ind1=" " ind2="7" tag="655"><subfield code="a">Periodicals.</subfield><subfield code="2">fast</subfield><subfield code="0">(OCoLC)fst01411641</subfield></datafield><datafield ind1=" " ind2="7" tag="650"><subfield code="a">Labor.</subfield><subfield code="2">fast</subfield><subfield code="0">(OCoLC)fst00989798</subfield></datafield><datafield ind1="1" ind2=" " tag="700"><subfield code="a">Burton, James.</subfield></datafield><datafield ind1="2" ind2=" " tag="710"><subfield code="a">Central Labor Union.</subfield></datafield><datafield ind1=" " ind2=" " tag="752"><subfield code="a">United States</subfield><subfield code="b">Kansas</subfield><subfield code="c">Bourbon</subfield><subfield code="d">Fort Scott.</subfield></datafield></record>